@book{iqraise,
  Author = {Lewis Burkes Frumkes},
  Publisher = {iUniverse},
  Title = {How to Raise Your I.Q. by Eating Gifted Children},
  Year = {2000}}

@article{wageraise,
  Author = {Dennis and Matthias and Paul and Ulli and Matthias},
  Publisher = {Fachschaft VWL},
  Title = {How we earn more money},
  Year = {2016}}
