@book{
wollbuch,
title = {Grundlagen der Datenanalyse mit R: eine anwendungsorientierte Einführung},
series = {Statistik und ihre Anwendungen},
author = {Wollschläger, Daniel}, 
address = {Heidelberg u.a.},
publisher = {Springer},
year = {2010},
keywords ={R (Computer program language), Mathematical statistics},
isbn ={3642257992, 9783642257995},
}

