@misc{karotten,
title = {Will eating raw carrots raise your IQ?},
author = {Michaels, James W} and {Ross, Philip}, 
journal = {Forbes},
publisher = {Forbes LLC},
year = {1995},
keywords ={Medical statistics, Usage},
issn ={0015-6914},
}
